@article{article,
author = {Deveaud, Benoit and Clerot, Fabrice and Chomette, A and Regreny, A and Ferreira, R and Bastard, GÃ©rald and Sermage, Bernard},
year = {1990},
month = {02},
pages = {367},
title = {Tunneling and Relaxation in Coupled Quantum Wells},
volume = {11},
journal = {EPL (Europhysics Letters)},
doi = {10.1209/0295-5075/11/4/013}
}