@article{1990,
author = {Deveaud, Benoit and Clerot, Fabrice and Chomette, A and Regreny, A and Ferreira, R and Bastard, GÃ©rald and Sermage, Bernard},
year = {1990},
month = {02},
pages = {367},
title = {Tunneling and Relaxation in Coupled Quantum Wells},
volume = {11},
journal = {EPL (Europhysics Letters)},
doi = {10.1209/0295-5075/11/4/013}
}

@article{1994,
  title = {Exciton Tunneling Revealed by Magnetically Tuned Interwell Coupling in Semiconductor Double Quantum Wells},
  author = {Lawrence, I. and Haacke, S. and Mariette, H. and R\"uhle, W. W. and Ulmer-Tuffigo, H. and Cibert, J. and Feuillet, G.},
  journal = {Phys. Rev. Lett.},
  volume = {73},
  issue = {15},
  pages = {2131--2134},
  numpages = {0},
  year = {1994},
  month = {Oct},
  publisher = {American Physical Society},
  doi = {10.1103/PhysRevLett.73.2131},
  url = {https://link.aps.org/doi/10.1103/PhysRevLett.73.2131}
}
